<collection xmlns="http://www.loc.gov/MARC21/slim"><record><leader>00615nam  2200181   450</leader><controlfield tag="001">534</controlfield><controlfield tag="003">http://montalegre.opacnet.com/OPAC/default.aspx?ContentAreaControl=ShowRegHoldings.ascx&amp;RegNo=16662</controlfield><datafield tag="100" ind1=" " ind2=" "><subfield code="a">19950904d1965    m  y0pory010305  ba</subfield></datafield><datafield tag="101" ind1="1" ind2=" "><subfield code="a">por</subfield><subfield code="c">eng</subfield></datafield><datafield tag="102" ind1=" " ind2=" "><subfield code="a">PT</subfield></datafield><datafield tag="200" ind1="1" ind2=" "><subfield code="a">&lt;Os &gt;vagabundos da verdade</subfield><subfield code="e">romance</subfield><subfield code="f">Jack Kerouac</subfield></datafield><datafield tag="210" ind1=" " ind2=" "><subfield code="a">Lisboa</subfield><subfield code="c">Minerva</subfield><subfield code="d">[D.L. 1965]</subfield></datafield><datafield tag="215" ind1=" " ind2=" "><subfield code="a">302, 1 p.</subfield><subfield code="d">19 cm</subfield></datafield><datafield tag="225" ind1="2" ind2=" "><subfield code="a">Autores do nosso tempo</subfield><subfield code="v">18</subfield></datafield><datafield tag="304" ind1=" " ind2=" "><subfield code="a">Tít. orig. : The Dharma bums</subfield></datafield><datafield tag="700" ind1=" " ind2="1"><subfield code="a">Kerouac</subfield><subfield code="b">Jack</subfield><subfield code="f">1922-1969</subfield></datafield><datafield tag="801" ind1=" " ind2="0"><subfield code="a">PT</subfield><subfield code="b">Biblioteca Municipal de Montalegre</subfield><subfield code="g">RPC</subfield></datafield><datafield tag="856" ind1=" " ind2=" "><subfield code="u">locateMedia.asp?cod=20060518101312&amp;ext=jpg</subfield><subfield code="z">CAPA</subfield></datafield><datafield tag="909" ind1="&#9;" ind2=" "><subfield code="a">1</subfield></datafield><datafield tag="966" ind1=" " ind2=" "><subfield code="a">0008893</subfield><subfield code="l">BMM</subfield><subfield code="s">SCG 821 KER vag 18</subfield></datafield></record></collection>